@inproceedings{boyle2016function,
  title={Function secret sharing: Improvements and extensions},
  author={Boyle, Elette and Gilboa, Niv and Ishai, Yuval},
  booktitle={Proceedings of the 2016 ACM SIGSAC Conference on Computer and Communications Security},
  pages={1292--1303},
  year={2016}
}

@techreport{corrigan2019private,
  title={Private information retrieval with sublinear online time},
  author={Corrigan-Gibbs, Henry and Kogan, Dmitry},
  year={2019},
  institution={IACR Cryptology ePrint Archive, 2019: 1075}
}

@inproceedings{cachin1999computationally,
  title={Computationally private information retrieval with polylogarithmic communication},
  author={Cachin, Christian and Micali, Silvio and Stadler, Markus},
  booktitle={International Conference on the Theory and Applications of Cryptographic Techniques},
  pages={402--414},
  year={1999},
  organization={Springer}
}

@article{di2001universal,
  title={Universal service-providers for private information retrieval},
  author={Di Crescenzo, Giovanni and Ishai, Yuval and Ostrovsky, Rafail},
  journal={Journal of Cryptology},
  volume={14},
  number={1},
  pages={37--74},
  year={2001},
  publisher={Springer}
}

@inproceedings{lipmaa2005oblivious,
  title={An oblivious transfer protocol with log-squared communication},
  author={Lipmaa, Helger},
  booktitle={International Conference on Information Security},
  pages={314--328},
  year={2005},
  organization={Springer}
}

@article{dvir20162,
  title={2-Server PIR with subpolynomial communication},
  author={Dvir, Zeev and Gopi, Sivakanth},
  journal={Journal of the ACM (JACM)},
  volume={63},
  number={4},
  pages={1--15},
  year={2016},
  publisher={ACM New York, NY, USA}
}

@article{beimel2004reducing,
  title={Reducing the servers' computation in private information retrieval: PIR with preprocessing},
  author={Beimel, Amos and Ishai, Yuval and Malkin, Tal},
  journal={Journal of Cryptology},
  volume={17},
  number={2},
  pages={125--151},
  year={2004},
  publisher={Citeseer}
}

@article{kushilevitz2018sub,
  title={Sub-logarithmic distributed oblivious RAM with small block size},
  author={Kushilevitz, Eyal and Mour, Tamer},
  journal={arXiv preprint arXiv:1802.05145},
  year={2018}
}

@inproceedings{ostrovsky1997private,
  title={Private information storage},
  author={Ostrovsky, Rafail and Shoup, Victor},
  booktitle={Proceedings of the twenty-ninth annual ACM symposium on Theory of computing},
  pages={294--303},
  year={1997}
}
